<?xml version="1.0" encoding="UTF-8"?><collection xmlns="http://www.loc.gov/MARC21/slim"><record><leader>00466nam--2200181-i-4500</leader><controlfield tag="001">000006905</controlfield><controlfield tag="002">20161230</controlfield><controlfield tag="005">20170128195322</controlfield><controlfield tag="008">060222s1000------------r-----000-0-eng-d</controlfield><datafield ind1=" " ind2=" " tag="080"><subfield code="a">539.12.01</subfield></datafield><datafield ind1=" " ind2=" " tag="100"><subfield code="a">Ademollo, M</subfield></datafield><datafield ind1=" " ind2=" " tag="245"><subfield code="a">Weak non-leptonic interactions in the quark model</subfield></datafield><datafield ind1=" " ind2=" " tag="260"><subfield code="a">Roma</subfield><subfield code="b">Comitato Nazionale Energia Nucleare</subfield><subfield code="c">1964</subfield></datafield><datafield ind1=" " ind2=" " tag="300"><subfield code="a">339-340 p</subfield></datafield><datafield ind1=" " ind2=" " tag="490"><subfield code="a">64-11</subfield></datafield><datafield ind1=" " ind2=" " tag="700"><subfield code="a">Gatto, R</subfield></datafield><datafield ind1=" " ind2=" " tag="852"><subfield code="a">17335</subfield></datafield><datafield ind1=" " ind2=" " tag="CAT"><subfield code="a">SYS</subfield><subfield code="c">20170128</subfield><subfield code="h">195322</subfield></datafield></record></collection>